<?xml version="1.0" encoding="UTF-8"?><collection xmlns="http://www.loc.gov/MARC21/slim"><record><leader>00418nam--2200109-i-4500</leader><controlfield tag="001">000017436</controlfield><controlfield tag="002">20161230</controlfield><controlfield tag="005">20161230201032</controlfield><controlfield tag="008">060222s1000------------r-----000-0-eng-d</controlfield><datafield ind1=" " ind2=" " tag="245"><subfield code="a">Actes de la conference internationale sur l utilisation de l energie atomique a des fins pacifiques, tenue a geneve, 1955: seances generales, conferences speciale et repertoire des actes</subfield></datafield><datafield ind1=" " ind2=" " tag="260"><subfield code="a">Geneve, Nations Univ., 1956</subfield></datafield><datafield ind1=" " ind2=" " tag="852"><subfield code="a">10891</subfield></datafield></record></collection>